@book{rubtut,
  title={How to Solve the Rubik's Cube Blindfolded},
  year={2018},
  url={https://ruwix.com/the-rubiks-cube/how-to-solve-the-rubiks-cube-blindfolded-tutorial/},
  publisher={Ruwix}
}
@book{booknbc,
  title={College Textbook Prices Have Risen 1,041 Percent Since 1977},
  author={Popken, Ben},
  url={https://www.nbcnews.com/feature/freshman-year/college-textbook-prices-have-risen-812-percent-1978-n399926},
  year={2015},
  publisher={NBC News}
}
