@book{bookhuff,
  title={College Textbook Prices Increasing Faster Than Tuition And Inflation},
  author={Kingkade, Tyler},
  year={2017},
  publisher={Huffington Post}
}
@book{sommerville2011software,
  title={Software Engineering},
  author={Sommerville, I.},
  isbn={9780137053469},
  lccn={2009053058},
  series={International Computer Science Series},
  url={https://books.google.com/books?id=l0egcQAACAAJ},
  year={2011},
  publisher={Pearson}
}
